@article{polack2020safety,
  title={{Safety and efficacy of the BNT162b2 mRNA Covid-19 vaccine}},
  author={Polack, Fernando P and Thomas, Stephen J and Kitchin, Nicholas and Absalon, Judith and Gurtman, Alejandra and Lockhart, Stephen and Perez, John L and P{\'e}rez Marc, Gonzalo and Moreira, Edson D and Zerbini, Cristiano and others},
  journal={New England Journal of Medicine},
  volume={383},
  number={27},
  pages={2603--2615},
  year={2020},
  publisher={Mass Medical Soc}
}

@article{baden2021efficacy,
  title={Efficacy and safety of the mRNA-1273 SARS-CoV-2 vaccine},
  author={Baden, Lindsey R and El Sahly, Hana M and Essink, Brandon and Kotloff, Karen and Frey, Sharon and Novak, Rick and Diemert, David and Spector, Stephen A and Rouphael, Nadine and Creech, C Buddy and others},
  journal={New England Journal of Medicine},
  volume={384},
  number={5},
  pages={403--416},
  year={2021},
  publisher={Mass Medical Soc}
}

@article{voysey2021single,
  title={Single-dose administration and the influence of the timing of the booster dose on immunogenicity and efficacy of ChAdOx1 nCoV-19 (AZD1222) vaccine: a pooled analysis of four randomised trials},
  author={Voysey, Merryn and Clemens, Sue Ann Costa and Madhi, Shabir A and Weckx, Lily Y and Folegatti, Pedro M and Aley, Parvinder K and Angus, Brian and Baillie, Vicky L and Barnabas, Shaun L and Bhorat, Qasim E and others},
  journal={The Lancet},
  volume={397},
  number={10277},
  pages={881--891},
  year={2021},
  publisher={Elsevier}
}

@article{sandmann2021potential,
  title={The potential health and economic value of SARS-CoV-2 vaccination alongside physical distancing in the UK: a transmission model-based future scenario analysis and economic evaluation},
  author={Sandmann, Frank G and Davies, Nicholas G and Vassall, Anna and Edmunds, W John and Jit, Mark and Sun, Fiona Yueqian and Villabona-Arenas, C Julian and Nightingale, Emily S and Showering, Alicia and Knight, Gwenan M and others},
  journal={The Lancet Infectious Diseases},
  year={2021},
  publisher={Elsevier}
}

@article{macintyre2021navigating,
  title={Navigating post-vaccine COVID-19 futures in the health and economic context},
  author={MacIntyre, C Raina},
  journal={The Lancet Infectious Diseases},
  year={2021},
  publisher={Elsevier}
}

@article{macintyre2020modelling,
  title={Modelling of COVID-19 vaccination strategies and herd immunity, in scenarios of limited and full vaccine supply in NSW, Australia.},
  author={MacIntyre, Chandini Raina and Costantino, Valentina and Trent, Mallory J},
  journal={medRxiv},
  year={2020},
  publisher={Cold Spring Harbor Laboratory Press}
}

@article{zachreson2021will,
  title={How will mass-vaccination change COVID-19 lockdown requirements in Australia?},
  author={Zachreson, Cameron and Chang, Sheryl L and Cliff, Oliver M and Prokopenko, Mikhail},
  journal={arXiv preprint arXiv:2103.07061},
  year={2021}
}

@article{hanly2021vaccinating,
  title={Vaccinating {A}ustralia: How long will it take?},
  author={Hanly, Mark J and Churches, Timothy and Fitzgerald, Oisin and MacIntyre, C. Raina and Jorm, Louisa},
  journal={medRxiv},
  url={https://doi.org/10.1101/2021.02.02.21250979},
  year={2021},
  publisher={Cold Spring Harbor Laboratory Press}
}

@article{swerissen2018mapping,
  title={Mapping primary care in Australia},
  author={Swerissen, Hal and Duckett, Stephen and Moran, G},
  journal={Grattan Institute},
  year={2018}
}

@misc{hunt2021local, 
      title={Local GPs on board to roll out COVID-19 vaccines},
      url={https://www.health.gov.au/ministers/the-hon-greg-hunt-mp/media/local-gps-on-board-to-roll-out-covid-19-vaccines},
      journal={Australian Government Department of Health},
      publisher={Australian Government Department of Health},
      author={Australian Government Department of Health},
      year={2021},
      month={Mar}
}

@article{ebert2017computationally,
  title={Computationally efficient simulation of queues: the R package queuecomputer},
  author={Ebert, Anthony and Wu, Paul and Mengersen, Kerrie and Ruggeri, Fabrizio},
  journal={arXiv preprint arXiv:1703.02151},
  year={2017}
}

@book{bhat2015introduction,
  title={An introduction to queueing theory: modeling and analysis in applications},
  author={Bhat, U Narayan},
  year={2015},
  publisher={Birkh{\"a}user}
}

@article{little1961proof,
  title={A proof for the queuing formula: L= $\lambda$ W},
  author={Little, John DC},
  journal={Operations research},
  volume={9},
  number={3},
  pages={383--387},
  year={1961},
  publisher={INFORMS}
}

@article{carr2011australia,
  title={Australia's first pandemic influenza mass vaccination clinic exercise: Hunter New England Area Health Service, NSW, Australia},
  author={Carr, Christine and Durrheim, David and Eastwood, Keith and Massey, Peter and Jaggers, Debbie and Caelli, Meredith and Nicholl, Sonya and Winn, Linda},
  journal={Australian Journal of Emergency Management, The},
  volume={26},
  number={1},
  pages={47--53},
  year={2011}
}

@article{tanne2020covid,
  title={Covid-19: how doctors and healthcare systems are tackling coronavirus worldwide},
  author={Tanne, Janice Hopkins and Hayasaki, Erika and Zastrow, Mark and Pulla, Priyanka and Smith, Paul and Rada, Acer Garcia},
  journal={BMJ},
  volume={368},
  year={2020},
  publisher={British Medical Journal Publishing Group}
}

@article{baraniuk2021covid,
  title={Covid-19: How the {UK} vaccine rollout delivered success, so far},
  author={Baraniuk, Chris},
  journal={BMJ},
  volume={372},
  year={2021},
  publisher={British Medical Journal Publishing Group}
}

@article{goralnick2021mass,
  title={Mass-Vaccination Sites—An Essential Innovation to Curb the Covid-19 Pandemic},
  author={Goralnick, Eric and Kaufmann, Christoph and Gawande, Atul A},
  journal={New England Journal of Medicine},
  year={2021},
  publisher={Mass Medical Soc}
}

@article{kang2020relationship,
  title={The relationship between having a regular general practitioner ({GP}) and the experience of healthcare barriers: a cross-sectional study among young people in NSW, Australia, with oversampling from marginalised groups},
  author={Kang, Melissa and Robards, Fiona and Luscombe, Georgina and Sanci, Lena and Usherwood, Tim},
  journal={BMC family practice},
  volume={21},
  number={1},
  pages={1--9},
  year={2020},
  publisher={Springer}
}

@misc{vaccineAgreements,
  title={Australia’s vaccine agreements},
  url={https://www.health.gov.au/node/18777/australias-vaccine-agreements},
  year={2021},
  month={Feb}
}